<?xml version="1.0" encoding="UTF-8"?><collection xmlns="http://www.loc.gov/MARC21/slim"><record><leader>00594nam--2200205-u-4500</leader><controlfield tag="001">000053042</controlfield><controlfield tag="002">20161230</controlfield><controlfield tag="005">20161230201050</controlfield><controlfield tag="008">110103s1000------------r-----000-0-eng-d</controlfield><datafield ind1=" " ind2=" " tag="020"><subfield code="a">0306452472</subfield></datafield><datafield ind1=" " ind2=" " tag="040"><subfield code="a">IFIN-HH</subfield></datafield><datafield ind1=" " ind2=" " tag="080"><subfield code="a">537.533.35(042.4)</subfield></datafield><datafield ind1="1" ind2=" " tag="100"><subfield code="a">Williams, David B</subfield></datafield><datafield ind1="1" ind2="0" tag="245"><subfield code="a">Transmission electron microscopy</subfield><subfield code="b">A textbook for materials science</subfield><subfield code="c">David b. williams; c. barry carter</subfield></datafield><datafield ind1=" " ind2=" " tag="260"><subfield code="a">LONDON</subfield><subfield code="b">Plenum Press</subfield><subfield code="c">1996</subfield></datafield><datafield ind1=" " ind2=" " tag="300"><subfield code="a">729P</subfield></datafield><datafield ind1=" " ind2="4" tag="650"><subfield code="a">Materials - Microscopy</subfield></datafield><datafield ind1="1" ind2=" " tag="700"><subfield code="a">Carter C. Barry</subfield></datafield><datafield ind1=" " ind2=" " tag="852"><subfield code="a">81513</subfield><subfield code="c">537.533.35</subfield></datafield><datafield ind1=" " ind2=" " tag="CAT"><subfield code="a">Sys</subfield><subfield code="c">20110103</subfield><subfield code="h">150645</subfield></datafield></record></collection>